<?xml version="1.0" encoding="UTF-8"?>
<collection xmlns:xsi="http://www.w3.org/2001/XMLSchema-instance" xsi:schemaLocation="http://www.loc.gov/MARC21/slim http://www.loc.gov/standards/marcxml/schema/MARC21slim.xsd" xmlns="http://www.loc.gov/MARC21/slim">
<record>
  <leader>01694cam a2200373 a 4500</leader>
  <controlfield tag="001">3072837</controlfield>
  <controlfield tag="003">NNC</controlfield>
  <controlfield tag="005">20130520200901.0</controlfield>
  <controlfield tag="008">830110s1936    le h     b    001 0carard</controlfield>
  <datafield tag="035" ind1=" " ind2=" ">
    <subfield code="a">(OCoLC)ocm09114736</subfield>
  </datafield>
  <datafield tag="035" ind1=" " ind2=" ">
    <subfield code="9">ATP5912CU</subfield>
  </datafield>
  <datafield tag="035" ind1=" " ind2=" ">
    <subfield code="a">(NNC)3072837</subfield>
  </datafield>
  <datafield tag="035" ind1=" " ind2=" ">
    <subfield code="a">3072837</subfield>
  </datafield>
  <datafield tag="040" ind1=" " ind2=" ">
    <subfield code="a">IUL</subfield>
    <subfield code="c">IUL</subfield>
    <subfield code="d">ZCU</subfield>
  </datafield>
  <datafield tag="041" ind1="0" ind2=" ">
    <subfield code="a">arafre</subfield>
  </datafield>
  <datafield tag="043" ind1=" " ind2=" ">
    <subfield code="a">a-iq---</subfield>
  </datafield>
  <datafield tag="099" ind1=" " ind2=" ">
    <subfield code="a">893.72</subfield>
    <subfield code="a">Si76</subfield>
  </datafield>
  <datafield tag="100" ind1="1" ind2=" ">
    <subfield code="a">Sīrāfī, al-Ḥasan ibn ʻAbd Allāh,</subfield>
    <subfield code="d">approximately 893-approximately 979.</subfield>
  </datafield>
  <datafield tag="240" ind1="1" ind2="0">
    <subfield code="a">Akhbār al-naḥwīyīn al-Baṣrīyīn</subfield>
  </datafield>
  <datafield tag="245" ind1="1" ind2="0">
    <subfield code="a">Kitāb Akhbār al-naḥwīyīn al-Baṣrīyīn /</subfield>
    <subfield code="c">taʾlīf Abī Saʻīd al-Ḥasan ibn ʻAbd Allāh al-Sīrāfī ; iʻtaná bi-nashrih wa-tahdhībih Frītis Karankaw.</subfield>
  </datafield>
  <datafield tag="260" ind1=" " ind2=" ">
    <subfield code="a">Bayrūt :</subfield>
    <subfield code="b">al-Maṭbaʻah al-Kāthūlīkīyah ;</subfield>
    <subfield code="a">Pārīs :</subfield>
    <subfield code="b">Pawl Guthnar,</subfield>
    <subfield code="c">1936.</subfield>
  </datafield>
  <datafield tag="300" ind1=" " ind2=" ">
    <subfield code="a">116, ix p. :</subfield>
    <subfield code="b">facsims. ;</subfield>
    <subfield code="c">20 cm.</subfield>
  </datafield>
  <datafield tag="490" ind1="1" ind2=" ">
    <subfield code="a">Khizānat al-kutub al-ʻArabīyah ;</subfield>
    <subfield code="v">v. 9</subfield>
  </datafield>
  <datafield tag="490" ind1="1" ind2=" ">
    <subfield code="a">Nasharāt Maʻhad al-Mabāḥith al-Sharqīyah bi-al-Jazāʾir</subfield>
  </datafield>
  <datafield tag="500" ind1=" " ind2=" ">
    <subfield code="a">Title on added t.p.: Biographies des grammairiens de l'école de Basra.</subfield>
  </datafield>
  <datafield tag="500" ind1=" " ind2=" ">
    <subfield code="a">Series on added t.p.: Bibliotheca arabica / publiée par l'Institut d'études orientales, Faculté des lettres d'Alger.</subfield>
  </datafield>
  <datafield tag="500" ind1=" " ind2=" ">
    <subfield code="a">Bibliographical footnotes.</subfield>
  </datafield>
  <datafield tag="500" ind1=" " ind2=" ">
    <subfield code="a">Introd. in French.</subfield>
  </datafield>
  <datafield tag="650" ind1=" " ind2="0">
    <subfield code="a">Arabic language</subfield>
    <subfield code="x">Study and teaching</subfield>
    <subfield code="z">Iraq</subfield>
    <subfield code="z">Baṣrah</subfield>
    <subfield code="x">History.</subfield>
  </datafield>
  <datafield tag="700" ind1="1" ind2=" ">
    <subfield code="a">Krenkow, F.</subfield>
    <subfield code="q">(Fritz),</subfield>
    <subfield code="d">1872-1953.</subfield>
  </datafield>
  <datafield tag="740" ind1="0" ind2="1">
    <subfield code="a">Biographies des grammairiens de l'école de Basra.</subfield>
  </datafield>
  <datafield tag="830" ind1=" " ind2="0">
    <subfield code="a">Khizānat al-kutub al-ʻArabīyah ;</subfield>
    <subfield code="v">v. 9.</subfield>
  </datafield>
  <datafield tag="830" ind1=" " ind2="0">
    <subfield code="a">Nasharāt Maʻhad al-Mabāḥith al-Sharqīyah bi-al-Jazāʼir.</subfield>
  </datafield>
  <datafield tag="955" ind1=" " ind2=" ">
    <subfield code="b">CU58879838</subfield>
    <subfield code="d">off,glx</subfield>
    <subfield code="e">893.72 Si76</subfield>
  </datafield>
</record>
</collection>